<?xml version="1.0" encoding="UTF-8"?>
<collection xmlns:xsi="http://www.w3.org/2001/XMLSchema-instance" xsi:schemaLocation="http://www.loc.gov/MARC21/slim http://www.loc.gov/standards/marcxml/schema/MARC21slim.xsd" xmlns="http://www.loc.gov/MARC21/slim">
<record>
  <leader>00781cam a22002051  4500</leader>
  <controlfield tag="001">3367899</controlfield>
  <controlfield tag="003">NNC</controlfield>
  <controlfield tag="005">20141021151735.0</controlfield>
  <controlfield tag="008">000405s1882    ua            000 0 arard</controlfield>
  <datafield tag="035" ind1=" " ind2=" ">
    <subfield code="a">(OCoLC)234691825</subfield>
  </datafield>
  <datafield tag="035" ind1=" " ind2=" ">
    <subfield code="a">(OCoLC)ocn234691825</subfield>
  </datafield>
  <datafield tag="035" ind1=" " ind2=" ">
    <subfield code="9">AVD2342CU</subfield>
  </datafield>
  <datafield tag="035" ind1=" " ind2=" ">
    <subfield code="a">(NNC)3367899</subfield>
  </datafield>
  <datafield tag="040" ind1=" " ind2=" ">
    <subfield code="a">NNC</subfield>
    <subfield code="c">NNC</subfield>
  </datafield>
  <datafield tag="100" ind1="1" ind2=" ">
    <subfield code="a">Ibn ʻAbidīn, Muḥammad ibn Muḥammad Amīn,</subfield>
    <subfield code="d">-1888 or 1889.</subfield>
  </datafield>
  <datafield tag="245" ind1="1" ind2="0">
    <subfield code="a">Qurrat ʻuyūn al-akhyār li-takmilat Radd al-muḥtār ʻalá al-durr al-mukhtār sharḥ Tanwīr al-abṣār,</subfield>
    <subfield code="c">li sīdī al-ʻallāmah ... faqīh al-ʻasr wa-al-awān wa Abī Hanīfat al-zsmān al-sayyid Muḥammad ʻAlʾ̄a-al-Dīn ʻAfandī Abidīn.</subfield>
  </datafield>
  <datafield tag="260" ind1=" " ind2=" ">
    <subfield code="a">[Būlāq,</subfield>
    <subfield code="c">1299 [1882]</subfield>
  </datafield>
  <datafield tag="300" ind1=" " ind2=" ">
    <subfield code="a">2 v.</subfield>
  </datafield>
  <datafield tag="650" ind1=" " ind2="0">
    <subfield code="a">Islamic law.</subfield>
  </datafield>
  <datafield tag="955" ind1=" " ind2=" ">
    <subfield code="b">0036691194</subfield>
    <subfield code="d">glx</subfield>
    <subfield code="e">893.799 Ib56</subfield>
    <subfield code="v">v.1</subfield>
  </datafield>
</record>
</collection>